@article{article,
author = {Bao, Yang and Ke, Bin and Li, Bin and Yu, Yingri and Zhang, Jie},
year = {2019},
month = {11},
pages = {},
title = {Detecting Accounting Fraud in Publicly Traded U.S. Firms Using a Machine Learning Approach},
volume = {58},
journal = {Journal of Accounting Research},
doi = {10.1111/1475-679X.12292}
}